%! Author = tigsedmonds
%! Date = 04/05/2023

